@article{bustamante2012using,
  title={Using Probabilistic Ontologies for Video Exploration},
  author={Bustamante, Miguel and Corso, Jason},
  year={2012}
}

@article{tian2012hierarchical,
  title={Hierarchical filtered motion for action recognition in crowded videos},
  author={Tian, YingLi and Cao, Liangliang and Liu, Zicheng and Zhang, Zhengyou},
  journal={Systems, Man, and Cybernetics, Part C: Applications and Reviews, IEEE Transactions on},
  volume={42},
  number={3},
  pages={313--323},
  year={2012},
  publisher={IEEE}
}


@article{zhao2014feature,
  title={Feature and Region Selection for Visual Learning},
  author={Zhao, Ji and Wang, Liantao and Cabral, Ricardo and De la Torre, Fernando},
  journal={arXiv preprint arXiv:1407.5245},
  year={2014}
}


@book{haastad1987computational,
  title={Computational limitations of small-depth circuits},
  author={H{\aa}stad, Johan},
  year={1987},
  publisher={MIT press}
}

@inproceedings{zhang2010towards,
  title={Towards multi-speaker unsupervised speech pattern discovery},
  author={Zhang, Yaodong and Glass, James R},
  booktitle={Acoustics Speech and Signal Processing (ICASSP), 2010 IEEE International Conference on},
  pages={4366--4369},
  year={2010},
  organization={IEEE}
}

@inproceedings{brendel2011probabilistic,
  title={Probabilistic event logic for interval-based event recognition},
  author={Brendel, William and Fern, Alan and Todorovic, Sinisa},
  booktitle={Computer Vision and Pattern Recognition (CVPR), 2011 IEEE Conference on},
  pages={3329--3336},
  year={2011},
  organization={IEEE}
}

@article{er2005high,
  title={High-speed face recognition based on discrete cosine transform and RBF neural networks},
  author={Er, Meng Joo and Chen, Weilong and Wu, Shiqian},
  journal={Neural Networks, IEEE Transactions on},
  volume={16},
  number={3},
  pages={679--691},
  year={2005},
  publisher={IEEE}
}


@article{bengio2007scaling,
  title={Scaling learning algorithms towards AI},
  author={Bengio, Yoshua and LeCun, Yann},
  journal={Large-scale kernel machines},
  volume={34},
  pages={1--41},
  year={2007}
}
@book{deng2014deep,
  title={Deep Learning},
  author={Deng, Li and Yu, Dong},
  year={2014},
  publisher={Now Publishers Incorporated}
}
@inproceedings{KarpathyCVPR14,
  title     = {Large-scale Video Classification with Convolutional Neural Networks},
  author    = {Andrej Karpathy and George Toderici and Sanketh Shetty and Thomas Leung and Rahul Sukthankar and Li Fei-Fei},
  year      = {2014},
  booktitle = {CVPR}
}

@inproceedings{bergstra2010theano,
  title={Theano: a CPU and GPU math expression compiler},
  author={Bergstra, James and Breuleux, Olivier and Bastien, Fr{\'e}d{\'e}ric and Lamblin, Pascal and Pascanu, Razvan and Desjardins, Guillaume and Turian, Joseph and Warde-Farley, David and Bengio, Yoshua},
  booktitle={Proceedings of the Python for scientific computing conference (SciPy)},
  volume={4},
  pages={3},
  year={2010}
}

@inproceedings{poultney2006efficient,
  title={Efficient learning of sparse representations with an energy-based model},
  author={Poultney, Christopher and Chopra, Sumit and Cun, Yann L and others},
  booktitle={Advances in neural information processing systems},
  pages={1137--1144},
  year={2006}
}

@inproceedings{tieleman2008training,
  title={Training restricted Boltzmann machines using approximations to the likelihood gradient},
  author={Tieleman, Tijmen},
  booktitle={Proceedings of the 25th international conference on Machine learning},
  pages={1064--1071},
  year={2008},
  organization={ACM}
}

@article{hinton2006reducing,
  title={Reducing the dimensionality of data with neural networks},
  author={Hinton, Geoffrey E and Salakhutdinov, Ruslan R},
  journal={Science},
  volume={313},
  number={5786},
  pages={504--507},
  year={2006},
  publisher={American Association for the Advancement of Science}
}

@article{hinton2002training,
  title={Training products of experts by minimizing contrastive divergence},
  author={Hinton, Geoffrey E},
  journal={Neural computation},
  volume={14},
  number={8},
  pages={1771--1800},
  year={2002},
  publisher={MIT Press}
}
@article{vincent2010stacked,
  title={Stacked denoising autoencoders: Learning useful representations in a deep network with a local denoising criterion},
  author={Vincent, Pascal and Larochelle, Hugo and Lajoie, Isabelle and Bengio, Yoshua and Manzagol, Pierre-Antoine},
  journal={The Journal of Machine Learning Research},
  volume={11},
  pages={3371--3408},
  year={2010},
  publisher={JMLR. org}
}

@inproceedings{vincent2008extracting,
  title={Extracting and composing robust features with denoising autoencoders},
  author={Vincent, Pascal and Larochelle, Hugo and Bengio, Yoshua and Manzagol, Pierre-Antoine},
  booktitle={Proceedings of the 25th international conference on Machine learning},
  pages={1096--1103},
  year={2008},
  organization={ACM}
}

@article{lecun1998gradient,
  title={Gradient-based learning applied to document recognition},
  author={LeCun, Yann and Bottou, L{\'e}on and Bengio, Yoshua and Haffner, Patrick},
  journal={Proceedings of the IEEE},
  volume={86},
  number={11},
  pages={2278--2324},
  year={1998},
  publisher={IEEE}
}

@article{hinton2009deep,
  title={Deep belief networks},
  author={Hinton, Geoffrey E},
  journal={Scholarpedia},
  volume={4},
  number={5},
  pages={5947},
  year={2009}
}

@article{bengio2007greedy,
  title={Greedy layer-wise training of deep networks},
  author={Bengio, Yoshua and Lamblin, Pascal and Popovici, Dan and Larochelle, Hugo and others},
  journal={Advances in neural information processing systems},
  volume={19},
  pages={153},
  year={2007},
  publisher={MIT; 1998}
}

@article{hinton2010practical,
  title={A practical guide to training restricted Boltzmann machines},
  author={Hinton, Geoffrey},
  journal={Momentum},
  volume={9},
  number={1},
  pages={926},
  year={2010}
}

@article{ji20133d,
  title={3D convolutional neural networks for human action recognition},
  author={Ji, Shuiwang and Xu, Wei and Yang, Ming and Yu, Kai},
  journal={Pattern Analysis and Machine Intelligence, IEEE Transactions on},
  volume={35},
  number={1},
  pages={221--231},
  year={2013},
  publisher={IEEE}
}

@book{muller2007information,
  title={Information retrieval for music and motion},
  author={M{\"u}ller, Meinard},
  volume={2},
  year={2007},
  publisher={Springer}
}

@article{baker2011database,
  title={A database and evaluation methodology for optical flow},
  author={Baker, Simon and Scharstein, Daniel and Lewis, JP and Roth, Stefan and Black, Michael J and Szeliski, Richard},
  journal={International Journal of Computer Vision},
  volume={92},
  number={1},
  pages={1--31},
  year={2011},
  publisher={Springer}
}

@inproceedings{chatfield2011devil,
      title = {The devil is in the details: an evaluation of recent feature encoding methods},
      author = {Ken Chatfield,  Victor Lempitsky,  Andrea Vedaldi and  Andrew Zisserman},
      year={2011},
      pages={76.1--76.12},
      booktitle={Proceedings of the British Machine Vision Conference},
      publisher={BMVA Press},
      isbn={1-901725-43-X}
}

@inproceedings{smith2003multimedia,
  title={Multimedia semantic indexing using model vectors},
  author={Smith, John R and Naphade, Milind and Natsev, Apostol},
  booktitle={Multimedia and Expo, 2003. ICME'03. Proceedings. 2003 International Conference on},
  volume={2},
  pages={II--445},
  year={2003},
  organization={IEEE}
}
@inproceedings{galmar2007analysis,
  title={Analysis of vector space model and spatiotemporal segmentation for video indexing and retrieval},
  author={Galmar, Eric and Huet, Benoit},
  booktitle={Proceedings of the 6th ACM international conference on Image and video retrieval},
  pages={433--440},
  year={2007},
  organization={ACM}
}

@inproceedings{yu2011improved,
  title={Improved Bottleneck Features Using Pretrained Deep Neural Networks.},
  author={Yu, Dong and Seltzer, Michael L},
  booktitle={INTERSPEECH},
  volume={237},
  pages={240},
  year={2011}
}

@inproceedings{gehring2013extracting,
  title={Extracting deep bottleneck features using stacked auto-encoders},
  author={Gehring, Jonas and Miao, Yajie and Metze, Florian and Waibel, Alex},
  booktitle={Acoustics, Speech and Signal Processing (ICASSP), 2013 IEEE International Conference on},
  pages={3377--3381},
  year={2013},
  organization={IEEE}
}

@inproceedings{krizhevsky2012imagenet,
  title={Imagenet classification with deep convolutional neural networks},
  author={Krizhevsky, Alex and Sutskever, Ilya and Hinton, Geoffrey E},
  booktitle={Advances in neural information processing systems},
  pages={1097--1105},
  year={2012}
}

@online{msraction2010,
  author = {MZicheng Liu},
  title = {{MSR} Action Dataset {II}},
  year = 2010,
  url = {http://research.
microsoft.com/en-us/um/people/zliu/ActionRecoRsrc/}
}